%! Author = tretyak-rd
%! Date = 08.06.2022

@book{aho_compilers,
    author = {Ахо, А. and Сети, Р. and Ульман, Д.},
    address = {М.},
    year = {2001},
    title = {Компиляторы. Принципы, технологии, инструменты},
    publisher = {Вильямс},
    language = {russian},
}

@book{based,
    author = {Серебряков, В.А. and Галочкин, М.П.},
    address = {М.},
    year = {1999},
    title = {Основы конструирования компиляторов},
    publisher = {Едиториал УРСС},
    pages = {193},
    language = {russian},
}

@book{llvm,
    author = {Bruno Cardoso Lopes},
    year = {2014},
    title = {Getting Started with LLVM Core Libraries},
    publisher = {Packt Publishing},
    pages = {295},
    language = {english},
}

@book{antlr,
    author = {Terence Parr},
    year = {2013},
    title = {Definitive ANTLR4 reference},
    publisher = {Pragmatic Bookshelf},
    pages = {305},
    language = {english},
}